@misc{wiki:Digital_comparator,
   author = {Wikipedia},
   title = {{Digital comparator} --- {W}ikipedia{,} The Free Encyclopedia},
   year = {2020},
   month = {June},
   day = {4},
   howpublished = {\url{https://en.wikipedia.org/wiki/Digital_comparator}}
 }